@inproceedings{Hertzmann:1998:PRC:280814.280951,
 author = {Hertzmann, Aaron},
 title = {Painterly rendering with curved brush strokes of multiple sizes},
 series = {SIGGRAPH '98},
 year = {1998},
 pages = {453--460},
 doi = {10.1145/280814.280951},
 acmid = {280951},
 publisher = {ACM},
 keywords = {non-photrealistic rendering}
} 

@ARTICLE{ Winnemoeller:2012:XED,
  author  = { Winnem{\"o}ller, Holger and Kyprianidis, Jan Eric and Olsen, Sven C.},
  title   = { XDoG: An eXtended difference-of-Gaussians compendium including
              advanced image stylization },
  journal = { Computers \& Graphics },
  volume  = { 36 },
  number  = { 6 },
  pages   = { 740--753 },
  year    = { 2012 },
  doi     = { 10.1016/j.cag.2012.03.004 }
}

@ARTICLE{Gooch05color2gray:salience-preserving,
    author = {Gooch, Amy A. and Olsen, Sven C. and Tumblin, Jack  and Gooch, Bruce },
    title = {Color2gray: Salience-preserving color removal},
    journal = {ACM Transactions on Graphics},
    year = {2005},
    volume = {24},
    pages = {634--639}
}

@INPROCEEDINGS{ lu:real-time,
AUTHOR = "Cewu Lu and Li Xu and Jiaya Jia",
TITLE = "Real-time contrast preserving decolorization",
BOOKTITLE = "SIGGRAPH ASIA Posters'12",
PAGES = {16-16},
YEAR = {2012}, 
}